@article{w2v1,
  author    = {Tomas Mikolov and
               Kai Chen and
               Greg Corrado and
               Jeffrey Dean},
  title     = {Efficient Estimation of Word Representations in Vector Space},
  journal   = {CoRR},
  volume    = {abs/1301.3781},
  year      = {2013},
  url       = {http://arxiv.org/abs/1301.3781},
  archivePrefix = {arXiv},
  eprint    = {1301.3781},
  timestamp = {Wed, 07 Jun 2017 14:42:25 +0200},
  biburl    = {https://dblp.org/rec/bib/journals/corr/abs-1301-3781},
  bibsource = {dblp computer science bibliography, https://dblp.org}
}
@incollection{w2v2,
	title = {Distributed Representations of Words and Phrases and their Compositionality},
	author = {Mikolov, Tomas and Sutskever, Ilya and Chen, Kai and Corrado, Greg S and Dean, Jeff},
	booktitle = {Advances in Neural Information Processing Systems 26},
	editor = {C. J. C. Burges and L. Bottou and M. Welling and Z. Ghahramani and K. Q. Weinberger},
	pages = {3111--3119},
	year = {2013},
	publisher = {Curran Associates, Inc.},
	url = {http://papers.nips.cc/paper/5021-distributed-representations-of-words-and-phrases-and-their-compositionality.pdf}
}
@incollection{NIPS2014_5477,
	title = {Neural Word Embedding as Implicit Matrix Factorization},
	author = {Levy, Omer and Goldberg, Yoav},
	booktitle = {Advances in Neural Information Processing Systems 27},
	editor = {Z. Ghahramani and M. Welling and C. Cortes and N. D. Lawrence and K. Q. Weinberger},
	pages = {2177--2185},
	year = {2014},
	publisher = {Curran Associates, Inc.},
	url = {http://papers.nips.cc/paper/5477-neural-word-embedding-as-implicit-matrix-factorization.pdf}
}
@article{random_walk_pmi,
	author    = {Sanjeev Arora and
	Yuanzhi Li and
	Yingyu Liang and
	Tengyu Ma and
	Andrej Risteski},
	title     = {Random Walks on Context Spaces: Towards an Explanation of the Mysteries
	of Semantic Word Embeddings},
	journal   = {CoRR},
	volume    = {abs/1502.03520},
	year      = {2015},
	url       = {http://arxiv.org/abs/1502.03520},
	archivePrefix = {arXiv},
	eprint    = {1502.03520},
	timestamp = {Wed, 07 Jun 2017 14:41:44 +0200},
	biburl    = {https://dblp.org/rec/bib/journals/corr/AroraLLMR15},
	bibsource = {dblp computer science bibliography, https://dblp.org}
}