@article{DBLP:journals/corr/abs-1712-06651,
	author    = {Relja Arandjelovic and
	Andrew Zisserman},
	title     = {Objects that Sound},
	journal   = {CoRR},
	volume    = {abs/1712.06651},
	year      = {2017},
	url       = {http://arxiv.org/abs/1712.06651},
	archivePrefix = {arXiv},
	eprint    = {1712.06651},
	timestamp = {Mon, 13 Aug 2018 16:46:22 +0200},
	biburl    = {https://dblp.org/rec/bib/journals/corr/abs-1712-06651},
	bibsource = {dblp computer science bibliography, https://dblp.org}
}
@article{DBLP:journals/corr/NorooziF16,
author    = {Mehdi Noroozi and
Paolo Favaro},
title     = {Unsupervised Learning of Visual Representations by Solving Jigsaw
Puzzles},
journal   = {CoRR},
volume    = {abs/1603.09246},
year      = {2016},
url       = {http://arxiv.org/abs/1603.09246},
archivePrefix = {arXiv},
eprint    = {1603.09246},
timestamp = {Mon, 13 Aug 2018 16:49:09 +0200},
biburl    = {https://dblp.org/rec/bib/journals/corr/NorooziF16},
bibsource = {dblp computer science bibliography, https://dblp.org}
}